<record><leader>00000cas a2200000 a 4500</leader><controlfield tag="001">7949651</controlfield><controlfield tag="008">811123c19789999gauwr ne      0   a0eng d</controlfield><datafield ind1=" " ind2=" " tag="010"><subfield code="a">sn 81005867 </subfield></datafield><datafield ind1=" " ind2=" " tag="040"><subfield code="a">NSD</subfield><subfield code="b">eng</subfield><subfield code="c">NSD</subfield><subfield code="d">NLG</subfield><subfield code="d">OCL</subfield><subfield code="d">OCLCQ</subfield></datafield><datafield ind1=" " ind2=" " tag="012"><subfield code="l">1</subfield></datafield><datafield ind1=" " ind2=" " tag="019"><subfield code="a">213509526</subfield></datafield><datafield ind1="1" ind2=" " tag="022"><subfield code="a">0730-1138</subfield><subfield code="l">0730-1138</subfield><subfield code="2">1</subfield></datafield><datafield ind1=" " ind2=" " tag="037"><subfield code="b">Georgia Gazette, P.O. Box 9925, Savannah, Ga. 31412</subfield></datafield><datafield ind1=" " ind2=" " tag="042"><subfield code="a">nsdp</subfield></datafield><datafield ind1="0" ind2=" " tag="130"><subfield code="a">Georgia gazette (Savannah, Ga.: 1978)</subfield></datafield><datafield ind1=" " ind2="4" tag="222"><subfield code="a">The Georgia gazette</subfield><subfield code="b">(Savannah, Ga.: 1978)</subfield></datafield><datafield ind1="1" ind2="4" tag="245"><subfield code="a">The Georgia gazette.</subfield></datafield><datafield ind1=" " ind2=" " tag="260"><subfield code="a">Savannah, Ga. :</subfield><subfield code="b">Georgia Gazette Pub. Co.</subfield></datafield><datafield ind1=" " ind2=" " tag="310"><subfield code="a">Weekly</subfield></datafield><datafield ind1=" " ind2=" " tag="588"><subfield code="a">Description based on: Vol. 12, no. 1 (Jan. 7, 1981).</subfield></datafield><datafield ind1=" " ind2=" " tag="752"><subfield code="a">United States</subfield><subfield code="b">Georgia</subfield><subfield code="c">Chatham</subfield><subfield code="d">Savannah.</subfield></datafield><datafield ind1=" " ind2=" " tag="936"><subfield code="a">July 20-26, 1983</subfield></datafield></record>